<?xml version="1.0" encoding="UTF-8"?><collection xmlns="http://www.loc.gov/MARC21/slim"><record><leader>00426nam--2200133-i-4500</leader><controlfield tag="001">000040623</controlfield><controlfield tag="002">20161230</controlfield><controlfield tag="005">20161230201042</controlfield><controlfield tag="008">060222s1000------------r-----000-0-eng-d</controlfield><datafield ind1=" " ind2=" " tag="080"><subfield code="a">550.34(4)</subfield></datafield><datafield ind1=" " ind2=" " tag="100"><subfield code="a">Schneider,Gotz</subfield></datafield><datafield ind1=" " ind2=" " tag="245"><subfield code="a">Zusammenhunge zwischen mikroseismischer bodenunruhe in stuttgart und aufbau der erdkruste in mitteleuropa. dissertation</subfield></datafield><datafield ind1=" " ind2=" " tag="260"><subfield code="a">Stuttgart, Technischen Hochschule, 1958. 65 P</subfield></datafield><datafield ind1=" " ind2=" " tag="852"><subfield code="a">47473</subfield></datafield></record></collection>